<?xml version="1.0" encoding="UTF-8"?><collection><record><leader>10944ntm a2201273 a 4500</leader><controlfield tag="001">006802982</controlfield><controlfield tag="003">MiAaHDL</controlfield><controlfield tag="005">20190719000000.0</controlfield><controlfield tag="006">m        d        </controlfield><controlfield tag="007">cr bn ---auaua</controlfield><controlfield tag="008">090526m16821684xx            00| ||ara d</controlfield><datafield tag="035" ind1=" " ind2=" "><subfield code="a">(MiU)006802982</subfield></datafield><datafield tag="035" ind1=" " ind2=" "><subfield code="a">sdr-miu006802982</subfield></datafield><datafield tag="040" ind1=" " ind2=" "><subfield code="a">MiU</subfield><subfield code="c">MiU</subfield><subfield code="e">amremm</subfield></datafield><datafield tag="043" ind1=" " ind2=" "><subfield code="a">n-us-mi</subfield><subfield code="a">ff-----</subfield><subfield code="a">aw-----</subfield><subfield code="a">e-sp---</subfield></datafield><datafield tag="245" ind1="0" ind2="0"><subfield code="6">880-03</subfield><subfield code="a">[Majmūʻat rasāʼil,</subfield><subfield code="f">1093 to 1095, i.e. 1682 to 1684].</subfield></datafield><datafield tag="246" ind1="3" ind2=" "><subfield code="i">Edge title (tail):</subfield><subfield code="a">مجموعة المتون</subfield></datafield><datafield tag="260" ind1=" " ind2=" "><subfield code="c">[1682-1684].</subfield></datafield><datafield tag="300" ind1=" " ind2=" "><subfield code="a">220 leaves :</subfield><subfield code="b">paper ;</subfield><subfield code="c">197 x 115 (125 x 40) mm.</subfield></datafield><datafield tag="500" ind1=" " ind2=" "><subfield code="a">Shelfmark: Ann Arbor, University of Michigan, Special Collections Library, Isl. Ms. 253</subfield></datafield><datafield tag="500" ind1=" " ind2=" "><subfield code="a">Origin: As appears in colophons on p.69, p.110, and p.451, entire majmūʻah likely copied by Hābīl ibn ʻUmar with transcription of Kitāb al-Chighmīnī finished 26 Rabīʻ I 1095 [ca. 13 March 1684], transcription of Ashkāl al-taʼsīs completed 19 Ṣafar 1095 [ca. 6 February 1684], and transcription of al-Shāfiyah completed 12 Muḥarram 1093 [ca. 21 January 1682]. Completion of transcription for the other works not specified, but likely falling between 1682 and 1684. Colophon on p.367 would indicated that Matn al-Bayḍāwī fī al-naḥw was copied by ʻUmar al-Marsawī [?] [perhaps the copyist's father] with transcription completed 9 Rabīʻ I 1060 [ca. 12 March 1650], though the copyist very likely simply copied this verbatim from the exemplar.</subfield></datafield><datafield tag="500" ind1=" " ind2=" "><subfield code="a">Accompanying materials: a. Slip of ruled paper with "Jaghmīnī | Mulakhkhaṣ | trans. into German | 2 DMG | 47, L13" in pencil -- b. Insert carrying glosses tipped in (paginated pp.373-374).</subfield></datafield><datafield tag="500" ind1=" " ind2=" "><subfield code="a">Former shelfmark: "219 T. De M. [i.e. Tammaro De Marinis]" inscribed in pencil on verso of front flyleaf ; "18" inscribed in pencil on 'title page’ (p.3) ; "٣٢٣" on tail edge.</subfield></datafield><datafield tag="500" ind1=" " ind2=" "><subfield code="a">Binding: Pasteboards covered in dark brown leather ; Type II binding (with flap) ; two-piece binding (overlapping flanges visible at spine) ; pastedowns and flyleaves (as well as flap lining) in a fine marbled paper (in red, blue, light green, and maroon) ; upper and lower covers carry gold-tooled elongated central lozenge and roll border in a series of s-shaped stamps ; sewn in light blue thread, two stations, failing with many gatherings loose ; worked chevron endbands in yellow and light blue, some damage but in fair condition ; overall in fairly good condition with only minor abrasion and lifting of leather ; fore edge flap somewhat small.</subfield></datafield><datafield tag="500" ind1=" " ind2=" "><subfield code="a">Support: European laid paper of several types, all well-burnished ; opening type with 9 laid lines per cm. (vertical), chain lines spaced 20-21 mm. apart (horizontal), and watermarks of large, elaborate scrollwork / arms with two stars (see p.12-13), scrollwork / arms with mermaid or figure above (see p.8, 18, etc.), another scrollwork / arms with chevrons and again figure above (see p.6, 20) ; another type with 10 laid lines per cm. (vertical), chain lines spaced 25-26 mm. apart (horizontal), and watermark of three hats (see p.32-33, etc.), sturdy and slightly thicker ; another type with 11-12 laid lines per cm. (horizontal), chain lines spaced 27-28 mm. apart (vertical) and watermark of lion rampant (see p.112), quite sturdy ; some leaves tinted (pink, orange, ochre, etc.), others untinted but silver-flecked, and still others both tinted and silver-flecked.</subfield></datafield><datafield tag="500" ind1=" " ind2=" "><subfield code="a">Decoration: Keywords, section headings, and abbreviation symbols rubricated ; textual dividers in the form of inverted commas in red ; written area surrounded by frame consisting of a narrow gold band outlined with black fillets ; several diagrams in red and black (see p.7, etc.).</subfield></datafield><datafield tag="500" ind1=" " ind2=" "><subfield code="a">Script: Nastaʻlīq (talik) ; bold, elegant hand ; serifless, with characteristic descent of words to baseline ; elongation of horizontal strokes as well as exaggerated contrast in thickness as compared to vertical strokes.</subfield></datafield><datafield tag="500" ind1=" " ind2=" "><subfield code="a">Layout: Written in 17 lines per page ; frame-ruled (impression of ruling board clearly evident).</subfield></datafield><datafield tag="500" ind1=" " ind2=" "><subfield code="a">Collation: ii, 3 V(30), III (36), 3 V(66), VII (80), 14 V(220), ii ; chiefly quinions ; several leaves between each work left blank ; catchwords present in opening work, then lacks proper catchwords but last word of final line on the verso of each leaf is usually repeated at the beginning of the first line on the following recto ; pagination in pencil, Western numerals, supplied during digitization (includes some flyleaves and inserts, skips two pages between pp.203-204 and skips ahead ten pages from 333 to 344).</subfield></datafield><datafield tag="500" ind1=" " ind2=" "><subfield code="a">Title supplied by cataloguer.</subfield></datafield><datafield tag="500" ind1=" " ind2=" "><subfield code="a">Ms. codex.</subfield></datafield><datafield tag="505" ind1="0" ind2=" "><subfield code="a">20. p.452-p.454 : [blank].</subfield></datafield><datafield tag="505" ind1="0" ind2=" "><subfield code="a">19. p.372-p.451 : al-Shāfiyah / ʻUthmān ibn ʻUmar Ibn al-Ḥājib.</subfield></datafield><datafield tag="505" ind1="0" ind2=" "><subfield code="a">18. p.368-p.371 : [blank].</subfield></datafield><datafield tag="505" ind1="0" ind2=" "><subfield code="a">17. p.322-p.367 : Matn al-Bayḍāwī fī al-naḥw / ʻAbd Allāh ibn ʻUmar al-Bayḍāwī.</subfield></datafield><datafield tag="505" ind1="0" ind2=" "><subfield code="a">16. p.314-p.321 : [blank].</subfield></datafield><datafield tag="505" ind1="0" ind2=" "><subfield code="a">15. p.302-p.313 : Tahdhīb al-manṭiq / Saʻd al-Dīn Masʻūd ibn ʻUmar al-Taftazānī.</subfield></datafield><datafield tag="505" ind1="0" ind2=" "><subfield code="a">14. p.296-p.301 : [blank].</subfield></datafield><datafield tag="505" ind1="0" ind2=" "><subfield code="a">13. p.292-p.295 : al-Risālah al-waḍʻīyah / ʻAḍud al-Dīn ʻAbd al-Raḥmān ibn Aḥmad al-Ījī.</subfield></datafield><datafield tag="505" ind1="0" ind2=" "><subfield code="a">12. p.284-p.291 : Risālat al-istiʻārah / Abū al-Qāsim ibn Abī Bakr al-Laythī al-Samarqandī.</subfield></datafield><datafield tag="505" ind1="0" ind2=" "><subfield code="a">11. p.282-p.283 : Matn al-Ḥanafīyah / ʻAḍud al-Dīn ʻAbd al-Raḥmān ibn Aḥmad al-Ījī.</subfield></datafield><datafield tag="505" ind1="0" ind2=" "><subfield code="a">10. p.277-p.281 : [blank].</subfield></datafield><datafield tag="505" ind1="0" ind2=" "><subfield code="a">9. p.164-p.276 : Tahdhīb al-kalām / Saʻd al-Dīn Masʻūd ibn ʻUmar al-Taftāzānī.</subfield></datafield><datafield tag="505" ind1="0" ind2=" "><subfield code="a">8. p.158-p.163 : [blank].</subfield></datafield><datafield tag="505" ind1="0" ind2=" "><subfield code="a">7. p.116-p.157 : Hidāyah fī al-ḥikmah / al-Mufaḍḍal ibn ʻUmar Athīr al-Dīn al-Abharī.</subfield></datafield><datafield tag="505" ind1="0" ind2=" "><subfield code="a">6. p.111-p.115 : [blank].</subfield></datafield><datafield tag="505" ind1="0" ind2=" "><subfield code="a">5. p.76-p.110 : Ashkāl al-taʼsīs / Muḥammad ibn Ashraf al-Samarqandī.</subfield></datafield><datafield tag="505" ind1="0" ind2=" "><subfield code="a">4. p.70-p.75 : [blank].</subfield></datafield><datafield tag="505" ind1="0" ind2=" "><subfield code="a">3. p.4-p.69 : Kitāb al-Chaghmīnī / Maḥmūd ibn Muḥammad al-Jaghmīnī.</subfield></datafield><datafield tag="505" ind1="0" ind2=" "><subfield code="a">2. p.2-p.3 : [blank].</subfield></datafield><datafield tag="505" ind1="0" ind2=" "><subfield code="a">1. p.1 : [contents listing].</subfield></datafield><datafield tag="510" ind1="4" ind2=" "><subfield code="a">Brockelmann, C. GAL,</subfield><subfield code="c">I 303</subfield></datafield><datafield tag="510" ind1="4" ind2=" "><subfield code="a">Brockelmann, C. GAL,</subfield><subfield code="c">I 417 ; S I 738</subfield></datafield><datafield tag="510" ind1="4" ind2=" "><subfield code="a">Brockelmann, C. GAL,</subfield><subfield code="c">II 194</subfield></datafield><datafield tag="510" ind1="4" ind2=" "><subfield code="a">Brockelmann, C. GAL,</subfield><subfield code="c">II 208</subfield></datafield><datafield tag="510" ind1="4" ind2=" "><subfield code="a">Brockelmann, C. GAL,</subfield><subfield code="c">GAL, II, 214-216 ; S II 302</subfield></datafield><datafield tag="510" ind1="4" ind2=" "><subfield code="a">Brockelmann, C. GAL,</subfield><subfield code="c">I 608 ; S I 839</subfield></datafield><datafield tag="510" ind1="4" ind2=" "><subfield code="a">Brockelmann, C. GAL,</subfield><subfield code="c">I 615 ; S I 849</subfield></datafield><datafield tag="510" ind1="4" ind2=" "><subfield code="a">Brockelmann, C. GAL,</subfield><subfield code="c">I 473/5 ; S I 865 (5/1)</subfield></datafield><datafield tag="520" ind1="8" ind2=" "><subfield code="a">Elegant copy of a collection (majmūʻah / mecmua) of treatises on assorted topics. Contents listed on second flyleaf at opening of codex (p.1).</subfield></datafield><datafield tag="538" ind1=" " ind2=" "><subfield code="a">Mode of access: Internet.</subfield></datafield><datafield tag="541" ind1=" " ind2=" "><subfield code="c">Purchase ;</subfield><subfield code="a">Acquired by purchase (funds donated by Horace Rackham).</subfield><subfield code="d">1924.</subfield></datafield><datafield tag="546" ind1=" " ind2=" "><subfield code="a">Arabic.</subfield></datafield><datafield tag="561" ind1=" " ind2=" "><subfield code="a">Inscriptions in pencil on verso of front flyleaf "219 T. De M. [i.e. Tammaro De Marinis]" and opening 'title page' (p.3) "18" ; on second flyleaf at opening carrying contents listing (p.1) ownership statement and oval seal impression in name of al-Sayyid Muḥammad ʻAṭāʼ Allāh (Mehmet Ataullah), statement reads "استصحبه الفقير السيد محمد عطاء الله غفر له" and seal impression appears to be dated 1192 [1778 or 9] ; marginal glosses (some in decorative geometric shapes, see p.105).</subfield></datafield><datafield tag="600" ind1="0" ind2="0"><subfield code="a">Euclid.</subfield><subfield code="t">Elements.</subfield></datafield><datafield tag="650" ind1=" " ind2="0"><subfield code="a">Manuscripts, Arabic</subfield><subfield code="z">Michigan</subfield><subfield code="z">Ann Arbor.</subfield></datafield><datafield tag="650" ind1=" " ind2="0"><subfield code="a">Arabic language</subfield><subfield code="x">Grammar</subfield><subfield code="v">Early works to 1800.</subfield></datafield><datafield tag="650" ind1=" " ind2="0"><subfield code="a">Arabic language</subfield><subfield code="x">Morphology</subfield><subfield code="v">Early works to 1800.</subfield></datafield><datafield tag="650" ind1=" " ind2="0"><subfield code="a">Logic</subfield><subfield code="v">Early works to 1800.</subfield></datafield><datafield tag="650" ind1=" " ind2="0"><subfield code="a">Arabic language</subfield><subfield code="x">Semantics</subfield><subfield code="v">Early works to 1800.</subfield></datafield><datafield tag="650" ind1=" " ind2="0"><subfield code="a">Arabic language</subfield><subfield code="x">Rhetoric</subfield><subfield code="v">Early works to 1800.</subfield></datafield><datafield tag="650" ind1=" " ind2="0"><subfield code="a">Islam</subfield><subfield code="x">Doctrines</subfield><subfield code="v">Early works to 1800.</subfield></datafield><datafield tag="650" ind1=" " ind2="0"><subfield code="a">Islamic philosophy</subfield><subfield code="v">Early works to 1800.</subfield></datafield><datafield tag="650" ind1=" " ind2="0"><subfield code="a">Mathematics, Arab</subfield><subfield code="v">Early works to 1800.</subfield></datafield><datafield tag="650" ind1=" " ind2="0"><subfield code="a">Geometry</subfield><subfield code="z">Islamic Empire</subfield><subfield code="y">13th century.</subfield></datafield><datafield tag="650" ind1=" " ind2="0"><subfield code="a">Astronomy, Arab</subfield><subfield code="v">Early works to 1800.</subfield></datafield><datafield tag="700" ind1="0" ind2=" "><subfield code="a">Abdülhamid</subfield><subfield code="b">II,</subfield><subfield code="c">Sultan of the Turks,</subfield><subfield code="d">1842-1918,</subfield><subfield code="e">former owner.</subfield></datafield><datafield tag="700" ind1="0" ind2=" "><subfield code="6">880-13</subfield><subfield code="a">Hābīl ibn ʻUmar,</subfield><subfield code="d">fl. 1684,</subfield><subfield code="e">scribe.</subfield></datafield><datafield tag="700" ind1="1" ind2="2"><subfield code="6">880-12</subfield><subfield code="a">Ibn al-Ḥājib, ʻUthmān ibn ʻUmar,</subfield><subfield code="d">1175-1249.</subfield><subfield code="t">Shāfiyah.</subfield></datafield><datafield tag="700" ind1="1" ind2="2"><subfield code="6">880-11</subfield><subfield code="a">Bayḍāwī, ʻAbd Allāh ibn ʻUmar,</subfield><subfield code="d">-1286?</subfield><subfield code="t">Lubb al-albāb fī ʻilm al-iʻrāb.</subfield></datafield><datafield tag="700" ind1="1" ind2="2"><subfield code="6">880-10</subfield><subfield code="a">Ījī, ʻAḍud al-Dīn ʻAbd al-Raḥmān ibn Aḥmad,</subfield><subfield code="d">-1355?</subfield><subfield code="t">Risālah al-waḍʻīyah.</subfield></datafield><datafield tag="700" ind1="1" ind2="2"><subfield code="6">880-09</subfield><subfield code="a">Samarqandī, Abū al-Qāsim ibn Abī Bakr,</subfield><subfield code="d">active 15th century.</subfield><subfield code="t">Risālat al-istʻārah.</subfield></datafield><datafield tag="700" ind1="1" ind2="2"><subfield code="6">880-08</subfield><subfield code="a">Ījī, ʻAḍud al-Dīn ʻAbd al-Raḥmān ibn Aḥmad,</subfield><subfield code="d">-1355?</subfield><subfield code="t">ʻAḍudīyah.</subfield></datafield><datafield tag="700" ind1="1" ind2="2"><subfield code="6">880-07</subfield><subfield code="a">Taftāzānī, Masʻūd ibn ʻUmar,</subfield><subfield code="d">1322-1389?</subfield><subfield code="t">Tahdhīb al-manṭiq wa-al-kalām.</subfield></datafield><datafield tag="700" ind1="1" ind2="2"><subfield code="6">880-06</subfield><subfield code="a">Athīr al-Dīn al-Abharī, al-Mufaḍḍal ibn ʻUmar,</subfield><subfield code="d">-1265.</subfield><subfield code="t">Hidāyat al-ḥikmah.</subfield></datafield><datafield tag="700" ind1="1" ind2="2"><subfield code="6">880-05</subfield><subfield code="a">Samarqandī, Muḥammad ibn Ashraf,</subfield><subfield code="d">active 13th century.</subfield><subfield code="t">Ashkāl al-taʼsīs.</subfield></datafield><datafield tag="700" ind1="1" ind2="2"><subfield code="6">880-04</subfield><subfield code="a">Jighmīnī, Maḥmūd ibn Muḥammad,</subfield><subfield code="d">-1221?</subfield><subfield code="t">Mulakhkhaṣ fī al-hayʼah.</subfield></datafield><datafield tag="740" ind1="0" ind2="2"><subfield code="a">متن قاضي بيضاوي في النحو</subfield></datafield><datafield tag="740" ind1="0" ind2="2"><subfield code="a">متن البيضاوي في النحو</subfield></datafield><datafield tag="740" ind1="0" ind2="2"><subfield code="a">متن وضعية</subfield></datafield><datafield tag="740" ind1="0" ind2="2"><subfield code="a">استعارة</subfield></datafield><datafield tag="740" ind1="0" ind2="2"><subfield code="a">متن الحنفية</subfield></datafield><datafield tag="740" ind1="1" ind2="2"><subfield code="a">غاية تهذيب الكلام في تحرير المنطق والكلام</subfield></datafield><datafield tag="740" ind1="1" ind2="2"><subfield code="a">تهذيب المنطق</subfield></datafield><datafield tag="740" ind1="1" ind2="2"><subfield code="a">تهذيب الكلام</subfield></datafield><datafield tag="740" ind1="0" ind2="2"><subfield code="a">كتاب الچغميني</subfield></datafield><datafield tag="740" ind1="0" ind2="2"><subfield code="a">چغميني في الهيئة</subfield></datafield><datafield tag="773" ind1="0" ind2=" "><subfield code="a">Abdul Hamid Collection.</subfield></datafield><datafield tag="880" ind1="0" ind2=" "><subfield code="6">700-13/</subfield><subfield code="a">هابيل بن عمر,</subfield><subfield code="e">ناسخ.</subfield></datafield><datafield tag="880" ind1="1" ind2="2"><subfield code="6">700-12/</subfield><subfield code="a">ابن الحاجب، عثمان بن عمر.</subfield><subfield code="t">شافية.</subfield></datafield><datafield tag="880" ind1="1" ind2="2"><subfield code="6">700-11/</subfield><subfield code="a">بيضاوي، عبد الله بن عمر.</subfield><subfield code="t">لب الالباب في علم الاعراب.</subfield></datafield><datafield tag="880" ind1="1" ind2="2"><subfield code="6">700-10/</subfield><subfield code="a">ايجي، عضد الدين عبد الرحمن بن احمد.</subfield><subfield code="t">رسالة الوضعية.</subfield></datafield><datafield tag="880" ind1="1" ind2="2"><subfield code="6">700-09/</subfield><subfield code="a">سمرقندي، ابو القاسم بن ابي بكر.</subfield><subfield code="t">رسالة الاستعارة.</subfield></datafield><datafield tag="880" ind1="1" ind2="2"><subfield code="6">700-08/</subfield><subfield code="a">ايجي، عضد الدين عبد الرحمن بن احمد.</subfield><subfield code="t">عضدية.</subfield></datafield><datafield tag="880" ind1="1" ind2="2"><subfield code="6">700-07/</subfield><subfield code="a">تفتازاني، مسعود بن عمر.</subfield><subfield code="t">تهذيب المنطق والكلام.</subfield></datafield><datafield tag="880" ind1="1" ind2="2"><subfield code="6">700-06/</subfield><subfield code="a">اثير الدين الابهري، المفضل بن عمر.</subfield><subfield code="t">هداية الحكمة.</subfield></datafield><datafield tag="880" ind1="1" ind2="2"><subfield code="6">700-05/</subfield><subfield code="a">سمرقندي، محمد بن اشرف.</subfield><subfield code="t">اشكال التأسيس.</subfield></datafield><datafield tag="880" ind1="1" ind2="2"><subfield code="6">700-04/</subfield><subfield code="a">جغميني، محمود بن محمد.</subfield><subfield code="t">ملخص في الهيئة.</subfield></datafield><datafield tag="880" ind1="0" ind2="0"><subfield code="6">245-03/</subfield><subfield code="a">[مجموعة رسائل,</subfield><subfield code="f">1093ه الى 1095ه، 1682م الى 1684م].</subfield></datafield><datafield tag="CID" ind1=" " ind2=" "><subfield code="a">006802982</subfield></datafield><datafield tag="DAT" ind1="0" ind2=" "><subfield code="a">20190719102636.0</subfield><subfield code="b">20190719000000.0</subfield></datafield><datafield tag="DAT" ind1="1" ind2=" "><subfield code="a">20190719090653.0</subfield><subfield code="b">2019-07-19T16:11:36Z</subfield></datafield><datafield tag="DAT" ind1="2" ind2=" "><subfield code="a">2015-10-02T18:00:03Z</subfield></datafield><datafield tag="CAT" ind1=" " ind2=" "><subfield code="a">SDR-MIU</subfield><subfield code="d">EX LIBRIS - ALEPH</subfield><subfield code="l">prepare.pl-004-008</subfield></datafield><datafield tag="FMT" ind1=" " ind2=" "><subfield code="a">BK</subfield></datafield><datafield tag="HOL" ind1=" " ind2=" "><subfield code="0">sdr-miu006802982</subfield><subfield code="a">MiU</subfield><subfield code="b">SDR</subfield><subfield code="c">MIU</subfield><subfield code="p">mdp.39015079126812</subfield><subfield code="s">MIU</subfield><subfield code="1">006802982</subfield></datafield><datafield tag="974" ind1=" " ind2=" "><subfield code="b">MIU</subfield><subfield code="c">MIU</subfield><subfield code="d">20190719</subfield><subfield code="s">lit-dlps-dc</subfield><subfield code="u">mdp.39015079126812</subfield><subfield code="y">1684</subfield><subfield code="r">pd</subfield><subfield code="q">bib</subfield><subfield code="t">non-US bib date2, date type m &lt; 1879</subfield></datafield></record></collection>